@inproceedings{tag,
  author = {},
  title = {},
  booktitle = {},
  year = {},
  month = {}
  }
  
  @book{latexcompanion,
   author = {Frank Mittelbach and Michel Goossens},
   title = {The {\LaTeX} Compation},
   publisher = {Addison-Wesley},
   year = {2004}
   }


@article{hawes2017strands,
  title={The STRANDS project: Long-term autonomy in everyday environments},
  author={Hawes, Nick and Burbridge, Christopher and Jovan, Ferdian and Kunze, Lars and Lacerda, Bruno and Mudrov{\'a}, Lenka and Young, Jay and Wyatt, Jeremy and Hebesberger, Denise and Kortner, Tobias and others},
  journal={IEEE Robotics \& Automation Magazine},
  volume={24},
  number={3},
  pages={146--156},
  year={2017},
  publisher={IEEE}
}


@inproceedings{deleforge2012cocktail,
  title={The cocktail party robot: Sound source separation and localisation with an active binaural head},
  author={Deleforge, Antoine and Horaud, Radu},
  booktitle={Proceedings of the seventh annual ACM/IEEE international conference on Human-Robot Interaction},
  pages={431--438},
  year={2012},
  organization={ACM}
}


Campaign to Stop Killer Robots

@article{smithers1997autonomy,
  title={Autonomy in robots and other agents},
  author={Smithers, Tim},
  journal={Brain and Cognition},
  volume={34},
  number={1},
  pages={88--106},
  year={1997},
  publisher={Elsevier}
}


@article{brooks1990elephants,
  title={Elephants don't play chess},
  author={Brooks, Rodney A},
  journal={Robotics and autonomous systems},
  volume={6},
  number={1-2},
  pages={3--15},
  year={1990},
  publisher={Elsevier}
}

@misc{pfeifer1996building,
  title={Building fungus eaters: Design principles of autonomous agents},
  author={Pfeifer, Rolf},
  year={1996},
  publisher={From Animals to Animats, Cambridge, MA: MIT Press}
}


@article{dautenhahn1997ants,
  title={Ants don’t have friends--thoughts on socially intelligent agents},
  author={Dautenhahn, Kerstin},
  journal={Socially intelligent agents},
  pages={22--27},
  year={1997}
}

@article{johnson1988mixing,
  title={Mixing humans and nonhumans together: The sociology of a door-closer},
  author={Johnson, Jim},
  journal={Social problems},
  volume={35},
  number={3},
  pages={298--310},
  year={1988},
  publisher={Oxford University Press Oxford, UK}
}

@article{kuipers2012existing,
  title={An existing, ecologically-successful genus of collectively intelligent artificial creatures},
  author={Kuipers, Benjamin},
  journal={arXiv preprint arXiv:1204.4116},
  year={2012}
}

@article{haraway1991cyborg,
  title={A cyborg manifesto},
  author={Haraway, Donna},
  journal={New York},
  pages={150},
  year={1991}
}

@article{steels1995robots,
  title={When are robots intelligent autonomous agents?},
  author={Steels, Luc},
  journal={Robotics and Autonomous systems},
  volume={15},
  number={1-2},
  pages={3--9},
  year={1995},
  publisher={Elsevier}
}

@inproceedings{breazeal1999build,
  title={How to build robots that make friends and influence people},
  author={Breazeal, Cynthia and Scassellati, Brian},
  booktitle={Intelligent Robots and Systems, 1999. IROS'99. Proceedings. 1999 IEEE/RSJ International Conference on},
  volume={2},
  pages={858--863},
  year={1999},
  organization={IEEE}
}

@article{coleman2001android,
  title={Android arete: Toward a virtue ethic for computational agents},
  author={Coleman, Kari Gwen},
  journal={Ethics and Information Technology},
  volume={3},
  number={4},
  pages={247--265},
  year={2001},
  publisher={Springer}
}

@book{bekey2005autonomous,
  title={Autonomous robots: from biological inspiration to implementation and control},
  author={Bekey, George A},
  year={2005},
  publisher={MIT press}
}

@techreport{nilsson1984shakey,
  title={Shakey the robot},
  author={Nilsson, Nils J},
  year={1984},
  institution={SRI INTERNATIONAL MENLO PARK CA}
}


@article{brooks1986robust,
  title={A robust layered control system for a mobile robot},
  author={Brooks, Rodney},
  journal={IEEE journal on robotics and automation},
  volume={2},
  number={1},
  pages={14--23},
  year={1986},
  publisher={IEEE}
}


@book{thrun2005probabilistic,
  title={Probabilistic robotics},
  author={Thrun, Sebastian and Burgard, Wolfram and Fox, Dieter},
  year={2005},
  publisher={MIT press}
}

@inproceedings{meeussen2011long,
  title={Long term autonomy in office environments},
  author={Meeussen, Wim and Marder-Eppstein, Eitan and Watts, Kevin and Gerkey, Brian P},
  booktitle={ALONE Workshop, In Proceedings of Robotics: Science and Systems (RSS’11), Los Angeles, USA},
  year={2011}
}

@inproceedings{meeussen2010autonomous,
  title={Autonomous door opening and plugging in with a personal robot},
  author={Meeussen, Wim and Wise, Melonee and Glaser, Stuart and Chitta, Sachin and McGann, Conor and Mihelich, Patrick and Marder-Eppstein, Eitan and Muja, Marius and Eruhimov, Victor and Foote, Tully and others},
  booktitle={Robotics and Automation (ICRA), 2010 IEEE International Conference on},
  pages={729--736},
  year={2010},
  organization={IEEE}
}

@article{silverman2003staying,
  title={Staying alive longer: Autonomous robot recharging put to the test},
  author={Silverman, M and Jung, Boyoon and Nies, Dan and Sukhatme, G},
  journal={Center for Robotics and Embedded Systems (CRES) Technical Report CRES},
  volume={3},
  pages={015},
  year={2003}
}


@article{mcfarland1997basic,
  title={Basic cycles, utility and opportunism in self-sufficient robots},
  author={McFarland, David and Spier, Emmet},
  journal={Robotics and Autonomous Systems},
  volume={20},
  number={2-4},
  pages={179--190},
  year={1997},
  publisher={Elsevier}
}

@article{korsah2013comprehensive,
  title={A comprehensive taxonomy for multi-robot task allocation},
  author={Korsah, G Ayorkor and Stentz, Anthony and Dias, M Bernardine},
  journal={The International Journal of Robotics Research},
  volume={32},
  number={12},
  pages={1495--1512},
  year={2013},
  publisher={SAGE Publications Sage UK: London, England}
}


@inproceedings{higuera2013fair,
  title={Fair subdivision of multi-robot tasks},
  author={Higuera, Juan Camilo Gamboa and Dudek, Gregory},
  booktitle={Robotics and Automation (ICRA), 2013 IEEE International Conference on},
  pages={3014--3019},
  year={2013},
  organization={IEEE}
}


@inproceedings{gerkey2003multi,
  title={Multi-robot task allocation: Analyzing the complexity and optimality of key architectures},
  author={Gerkey, Brian P and Mataric, Maja J},
  booktitle={Robotics and Automation, 2003. Proceedings. ICRA'03. IEEE International Conference on},
  volume={3},
  pages={3862--3868},
  year={2003},
  organization={IEEE}
}

@inproceedings{wawerla2010fast,
  title={A fast and frugal method for team-task allocation in a multi-robot transportation system},
  author={Wawerla, Jens and Vaughan, Richard T},
  booktitle={Robotics and Automation (ICRA), 2010 IEEE International Conference on},
  pages={1432--1437},
  year={2010},
  organization={IEEE}
}

@inproceedings{sung2009robots,
  title={Robots in the wild: understanding long-term use},
  author={Sung, JaYoung and Christensen, Henrik I and Grinter, Rebecca E},
  booktitle={Proceedings of the 4th ACM/IEEE international conference on Human robot interaction},
  pages={45--52},
  year={2009},
  organization={ACM}
}

@article{vaussard2014lessons,
  title={Lessons learned from robotic vacuum cleaners entering the home ecosystem},
  author={Vaussard, Florian and Fink, Julia and Bauwens, Val{\'e}rie and R{\'e}tornaz, Philippe and Hamel, David and Dillenbourg, Pierre and Mondada, Francesco},
  journal={Robotics and Autonomous Systems},
  volume={62},
  number={3},
  pages={376--391},
  year={2014},
  publisher={Elsevier}
}

@inproceedings{forlizzi2007robotic,
  title={How robotic products become social products: an ethnographic study of cleaning in the home},
  author={Forlizzi, Jodi},
  booktitle={Proceedings of the ACM/IEEE international conference on Human-robot interaction},
  pages={129--136},
  year={2007},
  organization={ACM}
}


@inproceedings{forlizzi2006service,
  title={Service robots in the domestic environment: a study of the roomba vacuum in the home},
  author={Forlizzi, Jodi and DiSalvo, Carl},
  booktitle={Proceedings of the 1st ACM SIGCHI/SIGART conference on Human-robot interaction},
  pages={258--265},
  year={2006},
  organization={ACM}
}


@inproceedings{nourbakhsh2003mobot,
  title={The mobot museum robot installations: A five year experiment},
  author={Nourbakhsh, Illah R and Kunz, Clayton and Willeke, Thomas},
  booktitle={Intelligent Robots and Systems, 2003.(IROS 2003). Proceedings. 2003 IEEE/RSJ International Conference on},
  volume={4},
  pages={3636--3641},
  year={2003},
  organization={IEEE}
}

@article{michaud2001experiences,
  title={Experiences with an autonomous robot attending AAAI},
  author={Michaud, Fran{\c{c}}ois and Audet, Jonathan and L{\'e}tourneau, Dominic and Lussier, Luc and Th{\'e}berge-Turmel, Catherine and Caron, Serge},
  journal={IEEE Intelligent Systems},
  volume={16},
  number={5},
  pages={23--29},
  year={2001},
  publisher={IEEE}
}

@article{hart1968formal,
  title={A formal basis for the heuristic determination of minimum cost paths},
  author={Hart, Peter E and Nilsson, Nils J and Raphael, Bertram},
  journal={IEEE transactions on Systems Science and Cybernetics},
  volume={4},
  number={2},
  pages={100--107},
  year={1968},
  publisher={IEEE}
}

@article{fox1997dynamic,
  title={The dynamic window approach to collision avoidance},
  author={Fox, Dieter and Burgard, Wolfram and Thrun, Sebastian},
  journal={IEEE Robotics \& Automation Magazine},
  volume={4},
  number={1},
  pages={23--33},
  year={1997},
  publisher={IEEE}
}

@article{fiorini1998motion,
  title={Motion planning in dynamic environments using velocity obstacles},
  author={Fiorini, Paolo and Shiller, Zvi},
  journal={The International Journal of Robotics Research},
  volume={17},
  number={7},
  pages={760--772},
  year={1998},
  publisher={Sage Publications Sage CA: Thousand Oaks, CA}
}

@inproceedings{van2008reciprocal,
  title={Reciprocal velocity obstacles for real-time multi-agent navigation},
  author={Van den Berg, Jur and Lin, Ming and Manocha, Dinesh},
  booktitle={Robotics and Automation, 2008. ICRA 2008. IEEE International Conference on},
  pages={1928--1935},
  year={2008},
  organization={IEEE}
}

@inproceedings{sadat2012bravo,
  title={Bravo: Biased reciprocal velocity obstacles break symmetry in dense robot populations},
  author={Sadat, Seyed Abbas and Vaughan, Richard T},
  booktitle={Computer and Robot Vision (CRV), 2012 Ninth Conference on},
  pages={441--447},
  year={2012},
  organization={IEEE}
}

@inproceedings{quigley2009ros,
  title={ROS: an open-source Robot Operating System},
  author={Quigley, Morgan and Conley, Ken and Gerkey, Brian and Faust, Josh and Foote, Tully and Leibs, Jeremy and Wheeler, Rob and Ng, Andrew Y},
  booktitle={ICRA workshop on open source software},
  volume={3},
  number={3.2},
  pages={5},
  year={2009},
  organization={Kobe, Japan}
}


@article{lawton2003decentralized,
  title={A decentralized approach to formation maneuvers},
  author={Lawton, Jonathan RT and Beard, Randal W and Young, Brett J},
  journal={IEEE transactions on robotics and automation},
  volume={19},
  number={6},
  pages={933--941},
  year={2003},
  publisher={IEEE}
}

@inproceedings{guy2010pledestrians,
  title={Pledestrians: a least-effort approach to crowd simulation},
  author={Guy, Stephen J and Chhugani, Jatin and Curtis, Sean and Dubey, Pradeep and Lin, Ming and Manocha, Dinesh},
  booktitle={Proceedings of the 2010 ACM SIGGRAPH/Eurographics symposium on computer animation},
  pages={119--128},
  year={2010},
  organization={Eurographics Association}
}

@inproceedings{guy2010pledestrians,
  title={Pledestrians: a least-effort approach to crowd simulation},
  author={Guy, Stephen J and Chhugani, Jatin and Curtis, Sean and Dubey, Pradeep and Lin, Ming and Manocha, Dinesh},
  booktitle={Proceedings of the 2010 ACM SIGGRAPH/Eurographics symposium on computer animation},
  pages={119--128},
  year={2010},
  organization={Eurographics Association}
}

@inproceedings{kummerle2013navigation,
  title={A navigation system for robots operating in crowded urban environments},
  author={K{\"u}mmerle, Rainer and Ruhnke, Michael and Steder, Bastian and Stachniss, Cyrill and Burgard, Wolfram},
  booktitle={Robotics and Automation (ICRA), 2013 IEEE International Conference on},
  pages={3225--3232},
  year={2013},
  organization={IEEE}
}

@inproceedings{yuan2010dynamic,
  title={Dynamic path planning adopting human navigation strategies for a domestic mobile robot},
  author={Yuan, Fang and Twardon, Lukas and Hanheide, Marc},
  booktitle={Intelligent Robots and Systems (IROS), 2010 IEEE/RSJ International Conference on},
  pages={3275--3281},
  year={2010},
  organization={IEEE}
}

@inproceedings{zuluaga2005reducing,
  title={Reducing spatial interference in robot teams by local-investment aggression},
  author={Zuluaga, Mauricio and Vaughan, Richard},
  booktitle={Intelligent Robots and Systems, 2005.(IROS 2005). 2005 IEEE/RSJ International Conference on},
  pages={2798--2805},
  year={2005},
  organization={IEEE}
}

@inproceedings{reynolds1987flocks,
  title={Flocks, herds and schools: A distributed behavioral model},
  author={Reynolds, Craig W},
  booktitle={ACM SIGGRAPH computer graphics},
  volume={21},
  number={4},
  pages={25--34},
  year={1987},
  organization={ACM}
}

@article{turgut2008self,
  title={Self-organized flocking in mobile robot swarms},
  author={Turgut, Ali E and {\c{C}}elikkanat, Hande and G{\"o}k{\c{c}}e, Fatih and {\c{S}}ahin, Erol},
  journal={Swarm Intelligence},
  volume={2},
  number={2-4},
  pages={97--120},
  year={2008},
  publisher={Springer}
}

@inproceedings{murphy2013survey,
  title={Survey of metrics for human-robot interaction},
  author={Murphy, Robin and Schreckenghost, Debra},
  booktitle={Proceedings of the 8th ACM/IEEE international conference on Human-robot interaction},
  pages={197--198},
  year={2013},
  organization={IEEE Press}
}

@article{kruse2013human,
  title={Human-aware robot navigation: A survey},
  author={Kruse, Thibault and Pandey, Amit Kumar and Alami, Rachid and Kirsch, Alexandra},
  journal={Robotics and Autonomous Systems},
  volume={61},
  number={12},
  pages={1726--1743},
  year={2013},
  publisher={Elsevier}
}


@inproceedings{pacchierotti2006evaluation,
  title={Evaluation of passing distance for social robots},
  author={Pacchierotti, Elena and Christensen, Henrik I and Jensfelt, Patric},
  booktitle={Robot and Human Interactive Communication, 2006. ROMAN 2006. The 15th IEEE International Symposium on},
  pages={315--320},
  year={2006},
  organization={IEEE}
}


@article{fiore2013toward,
  title={Toward understanding social cues and signals in human--robot interaction: effects of robot gaze and proxemic behavior},
  author={Fiore, Stephen M and Wiltshire, Travis J and Lobato, Emilio JC and Jentsch, Florian G and Huang, Wesley H and Axelrod, Benjamin},
  journal={Frontiers in psychology},
  volume={4},
  pages={859},
  year={2013},
  publisher={Frontiers}
}

@inproceedings{mumm2011human,
  title={Human-robot proxemics: physical and psychological distancing in human-robot interaction},
  author={Mumm, Jonathan and Mutlu, Bilge},
  booktitle={Proceedings of the 6th international conference on Human-robot interaction},
  pages={331--338},
  year={2011},
  organization={ACM}
}


@inproceedings{karamouzas2009predictive,
  title={A predictive collision avoidance model for pedestrian simulation},
  author={Karamouzas, Ioannis and Heil, Peter and Van Beek, Pascal and Overmars, Mark H},
  booktitle={International Workshop on Motion in Games},
  pages={41--52},
  year={2009},
  organization={Springer}
}

@article{helbing1995social,
  title={Social force model for pedestrian dynamics},
  author={Helbing, Dirk and Molnar, Peter},
  journal={Physical review E},
  volume={51},
  number={5},
  pages={4282},
  year={1995},
  publisher={APS}
}

Towards a socially acceptable collision avoidance for a mobile robot navigating among pedestrians using a pedestrian model

@inproceedings{guzzi2013local,
  title={Local reactive robot navigation: A comparison between reciprocal velocity obstacle variants and human-like behavior},
  author={Guzzi, Jerome and Giusti, Alessandro and Gambardella, Luca M and Di Caro, Gianni A},
  booktitle={Intelligent Robots and Systems (IROS), 2013 IEEE/RSJ International Conference on},
  pages={2622--2629},
  year={2013},
  organization={IEEE}
}

@inproceedings{alahi2016social,
  title={Social lstm: Human trajectory prediction in crowded spaces},
  author={Alahi, Alexandre and Goel, Kratarth and Ramanathan, Vignesh and Robicquet, Alexandre and Fei-Fei, Li and Savarese, Silvio},
  booktitle={Proceedings of the IEEE Conference on Computer Vision and Pattern Recognition},
  pages={961--971},
  year={2016}
}

@inproceedings{robicquet2016learning,
  title={Learning social etiquette: Human trajectory understanding in crowded scenes},
  author={Robicquet, Alexandre and Sadeghian, Amir and Alahi, Alexandre and Savarese, Silvio},
  booktitle={European conference on computer vision},
  pages={549--565},
  year={2016},
  organization={Springer}
}

@article{kretzschmar2016socially,
  title={Socially compliant mobile robot navigation via inverse reinforcement learning},
  author={Kretzschmar, Henrik and Spies, Markus and Sprunk, Christoph and Burgard, Wolfram},
  journal={The International Journal of Robotics Research},
  volume={35},
  number={11},
  pages={1289--1307},
  year={2016},
  publisher={SAGE Publications Sage UK: London, England}
}

@article{chen2017socially,
  title={Socially aware motion planning with deep reinforcement learning},
  author={Chen, Yu Fan and Everett, Michael and Liu, Miao and How, Jonathan P},
  journal={arXiv preprint arXiv:1703.08862},
  year={2017}
}

@article{kim2016socially,
  title={Socially adaptive path planning in human environments using inverse reinforcement learning},
  author={Kim, Beomjoon and Pineau, Joelle},
  journal={International Journal of Social Robotics},
  volume={8},
  number={1},
  pages={51--66},
  year={2016},
  publisher={Springer}
}

@article{khambhaita2017viewing,
  title={Viewing Robot Navigation in Human Environment as a Cooperative Activity},
  author={Khambhaita, Harmish and Alami, Rachid},
  journal={arXiv preprint arXiv:1708.01267},
  year={2017}
}

@inproceedings{kitade2013understanding,
  title={Understanding suitable locations for waiting},
  author={Kitade, Takuya and Satake, Satoru and Kanda, Takayuki and Imai, Michita},
  booktitle={Proceedings of the 8th ACM/IEEE international conference on Human-robot interaction},
  pages={57--64},
  year={2013},
  organization={IEEE Press}
}


@inproceedings{satake2009approach,
  title={How to approach humans?: strategies for social robots to initiate interaction},
  author={Satake, Satoru and Kanda, Takayuki and Glas, Dylan F and Imai, Michita and Ishiguro, Hiroshi and Hagita, Norihiro},
  booktitle={Proceedings of the 4th ACM/IEEE international conference on Human robot interaction},
  pages={109--116},
  year={2009},
  organization={ACM}
}

@inproceedings{mutlu2009footing,
  title={Footing in human-robot conversations: how robots might shape participant roles using gaze cues},
  author={Mutlu, Bilge and Shiwa, Toshiyuki and Kanda, Takayuki and Ishiguro, Hiroshi and Hagita, Norihiro},
  booktitle={Proceedings of the 4th ACM/IEEE international conference on Human robot interaction},
  pages={61--68},
  year={2009},
  organization={ACM}
}

@inproceedings{saerbeck2010perception,
  title={Perception of affect elicited by robot motion},
  author={Saerbeck, Martin and Bartneck, Christoph},
  booktitle={Human-Robot Interaction (HRI), 2010 5th ACM/IEEE International Conference on},
  pages={53--60},
  year={2010},
  organization={IEEE}
}

@inproceedings{dragan2014analysis,
  title={An Analysis of Deceptive Robot Motion.},
  author={Dragan, Anca D and Holladay, Rachel M and Srinivasa, Siddhartha S},
  booktitle={Robotics: science and systems},
  pages={10},
  year={2014},
  organization={Citeseer}
}


@inproceedings{mutlu2009nonverbal,
  title={Nonverbal leakage in robots: communication of intentions through seemingly unintentional behavior},
  author={Mutlu, Bilge and Yamaoka, Fumitaka and Kanda, Takayuki and Ishiguro, Hiroshi and Hagita, Norihiro},
  booktitle={Proceedings of the 4th ACM/IEEE international conference on Human robot interaction},
  pages={69--76},
  year={2009},
  organization={ACM}
}

@inproceedings{green2006making,
  title={Making a case for spatial prompting in human-robot communication},
  author={Green, Anders and H{\"u}ttenrauch, Helge},
  booktitle={Workshop Programme},
  volume={10},
  pages={52},
  year={2006}
}


@inproceedings{kirchner2011nonverbal,
  title={Nonverbal robot-group interaction using an imitated gaze cue},
  author={Kirchner, Nathan and Alempijevic, Alen and Dissanayake, Gamini},
  booktitle={Human-Robot Interaction (HRI), 2011 6th ACM/IEEE International Conference on},
  pages={497--504},
  year={2011},
  organization={IEEE}
}

@article{breazeal2004social,
  title={Social interactions in HRI: the robot view},
  author={Breazeal, Cynthia},
  journal={IEEE Transactions on Systems, Man, and Cybernetics, Part C (Applications and Reviews)},
  volume={34},
  number={2},
  pages={181--186},
  year={2004},
  publisher={IEEE}
}

@article{leite2013social,
  title={Social robots for long-term interaction: a survey},
  author={Leite, Iolanda and Martinho, Carlos and Paiva, Ana},
  journal={International Journal of Social Robotics},
  volume={5},
  number={2},
  pages={291--308},
  year={2013},
  publisher={Springer}
}


@inproceedings{xu2012trust,
  title={Trust-driven interactive visual navigation for autonomous robots},
  author={Xu, Anqi and Dudek, Gregory},
  booktitle={Robotics and Automation (ICRA), 2012 IEEE International Conference on},
  pages={3922--3929},
  year={2012},
  organization={IEEE}
}


@inproceedings{xu2016maintaining,
  title={Maintaining efficient collaboration with trust-seeking robots},
  author={Xu, Anqi and Dudek, Gregory},
  booktitle={Intelligent Robots and Systems (IROS), 2016 IEEE/RSJ International Conference on},
  pages={3312--3319},
  year={2016},
  organization={IEEE}
}


@inproceedings{deshmukh2014exploring,
  title={Exploring socially intelligent recharge behaviour for human-robot interaction},
  author={Deshmukh, Amol A and Aylett, Ruth},
  booktitle={Proceedings of the 2014 ACM/IEEE international conference on Human-robot interaction},
  pages={150--151},
  year={2014},
  organization={ACM}
}


@inproceedings{deshmukh2011managing,
  title={Managing social constraints on recharge behaviour for robot companions using memory},
  author={Deshmukh, Amol A and Lim, Mei Yii and Kriegel, Michael and Aylett, Ruth and Du Casse, Kyron and Kheng L, Koay and Dautenhahn, Kerstin},
  booktitle={Proceedings of the 6th international conference on Human-robot interaction},
  pages={129--130},
  year={2011},
  organization={ACM}
}

@inproceedings{weiss2010robots,
  title={Robots asking for directions—The willingness of passers-by to support robots},
  author={Weiss, Astrid and Igelsb{\"o}ck, Judith and Tscheligi, Manfred and Bauer, Andrea and K{\"u}hnlenz, Kolja and Wollherr, Dirk and Buss, Martin},
  booktitle={Human-Robot Interaction (HRI), 2010 5th ACM/IEEE International Conference on},
  pages={23--30},
  year={2010},
  organization={IEEE}
}


@inproceedings{michalowski2006socially,
  title={Socially distributed perception},
  author={Michalowski, Marek P and DiSalvo, Carl and Busquets, Didac and Hiatt, Laura M and Melchior, Nik A and Simmons, Reid and Sabanovic, Selma},
  booktitle={Proceedings of the 1st ACM SIGCHI/SIGART conference on Human-robot interaction},
  pages={349--350},
  year={2006},
  organization={ACM}
}

@article{nakauchi2002social,
  title={A social robot that stands in line},
  author={Nakauchi, Yasushi and Simmons, Reid},
  journal={Autonomous Robots},
  volume={12},
  number={3},
  pages={313--324},
  year={2002},
  publisher={Springer}
}


@inproceedings{gockley2005designing,
  title={Designing robots for long-term social interaction},
  author={Gockley, Rachel and Bruce, Allison and Forlizzi, Jodi and Michalowski, Marek and Mundell, Anne and Rosenthal, Stephanie and Sellner, Brennan and Simmons, Reid and Snipes, Kevin and Schultz, Alan C and others},
  booktitle={Intelligent Robots and Systems, 2005.(IROS 2005). 2005 IEEE/RSJ International Conference on},
  pages={1338--1343},
  year={2005},
  organization={IEEE}
}


@inproceedings{lee2012personalization,
  title={Personalization in HRI: A longitudinal field experiment},
  author={Lee, Min Kyung and Forlizzi, Jodi and Kiesler, Sara and Rybski, Paul and Antanitis, John and Savetsila, Sarun},
  booktitle={Human-Robot Interaction (HRI), 2012 7th ACM/IEEE International Conference on},
  pages={319--326},
  year={2012},
  organization={IEEE}
}


@article{baddoura2013social,
  title={Social vs. useful HRI: experiencing the familiar, perceiving the robot as a sociable partner and responding to its actions},
  author={Baddoura, Ritta and Venture, Gentiane},
  journal={International Journal of Social Robotics},
  volume={5},
  number={4},
  pages={529--547},
  year={2013},
  publisher={Springer}
}

@inproceedings{fiore2011human,
  title={Human-robot teams collaborating socially, organizationally, and culturally},
  author={Fiore, Stephen M and Badler, Norman L and Boloni, Lotzi and Goodrich, Michael A and Wu, Annie S and Chen, Jessie},
  booktitle={Proceedings of the Human Factors and Ergonomics Society Annual Meeting},
  volume={55},
  number={1},
  pages={465--469},
  year={2011},
  organization={SAGE Publications Sage CA: Los Angeles, CA}
}


@article{breazeal2003toward,
  title={Toward sociable robots},
  author={Breazeal, Cynthia},
  journal={Robotics and autonomous systems},
  volume={42},
  number={3-4},
  pages={167--175},
  year={2003},
  publisher={Elsevier}
}


%Ikea's Lamp (just use a link to a video for this one)

@inproceedings{ccuruklu2010towards,
  title={Towards industrial robots with human-like moral responsibilities},
  author={{\c{C}}{\"u}r{\"u}kl{\"u}, Baran and Dodig-Crnkovic, Gordana and Akan, Batu},
  booktitle={Human-Robot Interaction (HRI), 2010 5th ACM/IEEE International Conference on},
  pages={85--86},
  year={2010},
  organization={IEEE}
}


@inproceedings{higuera2012socially,
  title={Socially-driven collective path planning for robot missions},
  author={Higuera, Juan Camilo Gamboa and Xu, Anqi and Shkurti, Florian and Dudek, Gregory},
  booktitle={Computer and Robot Vision (CRV), 2012 Ninth Conference on},
  pages={417--424},
  year={2012},
  organization={IEEE}
}


@inproceedings{you2011robot,
  title={When the robot criticizes you...: self-serving bias in human-robot interaction},
  author={You, Sangseok and Nie, Jiaqi and Suh, Kiseul and Sundar, S Shyam},
  booktitle={Proceedings of the 6th international conference on Human-robot interaction},
  pages={295--296},
  year={2011},
  organization={ACM}
}


@inproceedings{groom2010critic,
  title={Critic, compatriot, or chump?: Responses to robot blame attribution},
  author={Groom, Victoria and Chen, Jimmy and Johnson, Theresa and Kara, F Arda and Nass, Clifford},
  booktitle={Proceedings of the 5th ACM/IEEE international conference on Human-robot interaction},
  pages={211--218},
  year={2010},
  organization={IEEE Press}
}


@inproceedings{litoiu2015evidence,
  title={Evidence that robots trigger a cheating detector in humans},
  author={Litoiu, Alexandru and Ullman, Daniel and Kim, Jason and Scassellati, Brian},
  booktitle={Proceedings of the Tenth Annual ACM/IEEE International Conference on Human-Robot Interaction},
  pages={165--172},
  year={2015},
  organization={ACM}
}


@inproceedings{bethel2013eyewitnesses,
  title={Eyewitnesses are misled by human but not robot interviewers},
  author={Bethel, Cindy L and Eakin, Deborah and Anreddy, Sujan and Stuart, James Kaleb and Carruth, Daniel},
  booktitle={Human-Robot Interaction (HRI), 2013 8th ACM/IEEE International Conference on},
  pages={25--32},
  year={2013},
  organization={IEEE}
}


@article{gombolay2015decision,
  title={Decision-making authority, team efficiency and human worker satisfaction in mixed human--robot teams},
  author={Gombolay, Matthew C and Gutierrez, Reymundo A and Clarke, Shanelle G and Sturla, Giancarlo F and Shah, Julie A},
  journal={Autonomous Robots},
  volume={39},
  number={3},
  pages={293--312},
  year={2015},
  publisher={Springer}
}

@inproceedings{bailey2001effects,
  title={The Effects of Interruptions on Task Performance, Annoyance, and Anxiety in the User Interface.},
  author={Bailey, Brian P and Konstan, Joseph A and Carlis, John V},
  booktitle={Interact},
  volume={1},
  pages={593--601},
  year={2001}
}

@inproceedings{saulnier2011exploring,
  title={Exploring minimal nonverbal interruption in HRI},
  author={Saulnier, Paul and Sharlin, Ehud and Greenberg, Saul},
  booktitle={RO-MAN, 2011 IEEE},
  pages={79--86},
  year={2011},
  organization={IEEE}
}

@inproceedings{evers2011designing,
  title={Designing interruptive behaviors of a public environmental monitoring robot},
  author={Evers, Vanessa and de Vries, Roelof and Alvito, Paulo},
  booktitle={Proceedings of the 6th international conference on Human-robot interaction},
  pages={131--132},
  year={2011},
  organization={ACM}
}

@inproceedings{takayama2008beyond,
  title={Beyond dirty, dangerous and dull: what everyday people think robots should do},
  author={Takayama, Leila and Ju, Wendy and Nass, Clifford},
  booktitle={Proceedings of the 3rd ACM/IEEE international conference on Human robot interaction},
  pages={25--32},
  year={2008},
  organization={ACM}
}


@inproceedings{leyzberg2011robots,
  title={Robots that express emotion elicit better human teaching},
  author={Leyzberg, Dan and Avrunin, Eleanor and Liu, Jenny and Scassellati, Brian},
  booktitle={Proceedings of the 6th international conference on Human-robot interaction},
  pages={347--354},
  year={2011},
  organization={ACM}
}

@inproceedings{cha2014effects,
  title={Effects of speech on perceived capability},
  author={Cha, Elizabeth and Dragan, Anca and Forlizzi, Jodi and Srinivasa, Siddhartha},
  booktitle={Proceedings of the 2014 ACM/IEEE international conference on Human-robot interaction},
  pages={134--135},
  year={2014},
  organization={ACM}
}

@inproceedings{park2017backchannel,
  title={Backchannel opportunity prediction for social robot listeners},
  author={Park, Hae Won and Gelsomini, Mirko and Lee, Jin Joo and Zhu, Tonghui and Breazeal, Cynthia},
  booktitle={Robotics and Automation (ICRA), 2017 IEEE International Conference on},
  pages={2308--2314},
  year={2017},
  organization={IEEE}
}

@inproceedings{bartneck2007daisy,
  title={Daisy, Daisy, give me your answer do!: switching off a robot},
  author={Bartneck, Christoph and Van Der Hoek, Michel and Mubin, Omar and Al Mahmud, Abdullah},
  booktitle={Proceedings of the ACM/IEEE international conference on Human-robot interaction},
  pages={217--222},
  year={2007},
  organization={ACM}
}

@article{miligram1974obedience,
  title={Obedience to authority: An experimental view},
  author={Miligram, Stanley},
  journal={New York},
  year={1974}
}

@inproceedings{westlund2016effects,
  title={Effects of framing a robot as a social agent or as a machine on children's social behavior},
  author={Westlund, Jacqueline M Kory and Martinez, Marayna and Archie, Maryam and Das, Madhurima and Breazeal, Cynthia},
  booktitle={Robot and Human Interactive Communication (RO-MAN), 2016 25th IEEE International Symposium on},
  pages={688--693},
  year={2016},
  organization={IEEE}
}

@inproceedings{brandstetter2014peer,
  title={A peer pressure experiment: Recreation of the Asch conformity experiment with robots},
  author={Brandstetter, J{\"u}rgen and R{\'a}cz, P{\'e}ter and Beckner, Clay and Sandoval, Eduardo B and Hay, Jennifer and Bartneck, Christoph},
  booktitle={Intelligent Robots and Systems (IROS 2014), 2014 IEEE/RSJ International Conference on},
  pages={1335--1340},
  year={2014},
  organization={IEEE}
}
 
@inproceedings{paepcke2010judging,
  title={Judging a bot by its cover: an experiment on expectation setting for personal robots},
  author={Paepcke, Steffi and Takayama, Leila},
  booktitle={Proceedings of the 5th ACM/IEEE international conference on Human-robot interaction},
  pages={45--52},
  year={2010},
  organization={IEEE Press}
}

@inproceedings{fraune2015rabble,
  title={Rabble of robots effects: Number and type of robots modulates attitudes, emotions, and stereotypes},
  author={Fraune, Marlena R and Sherrin, Steven and Sabanovi{\'c}, Selma and Smith, Eliot R},
  booktitle={Proceedings of the Tenth Annual ACM/IEEE International Conference on Human-Robot Interaction},
  pages={109--116},
  year={2015},
  organization={ACM}
}

@inproceedings{powers2006advisor,
  title={The advisor robot: tracing people's mental model from a robot's physical attributes},
  author={Powers, Aaron and Kiesler, Sara},
  booktitle={Proceedings of the 1st ACM SIGCHI/SIGART conference on Human-robot interaction},
  pages={218--225},
  year={2006},
  organization={ACM}
}

@inproceedings{bethel2006affective,
  title={Affective expression in appearance constrained robots},
  author={Bethel, Cindy L and Murphy, Robin R},
  booktitle={Proceedings of the 1st ACM SIGCHI/SIGART conference on Human-robot interaction},
  pages={327--328},
  year={2006},
  organization={ACM}
}

@inproceedings{malle2016robot,
  title={Which Robot Am I Thinking About?: The Impact of Action and Appearance on People's Evaluations of a Moral Robot},
  author={Malle, Bertram F and Scheutz, Matthias and Forlizzi, Jodi and Voiklis, John},
  booktitle={The Eleventh ACM/IEEE International Conference on Human Robot Interaction},
  pages={125--132},
  year={2016},
  organization={IEEE Press}
}

@inproceedings{kahn2012people,
  title={Do people hold a humanoid robot morally accountable for the harm it causes?},
  author={Kahn Jr, Peter H and Kanda, Takayuki and Ishiguro, Hiroshi and Gill, Brian T and Ruckert, Jolina H and Shen, Solace and Gary, Heather E and Reichert, Aimee L and Freier, Nathan G and Severson, Rachel L},
  booktitle={Proceedings of the seventh annual ACM/IEEE international conference on Human-Robot Interaction},
  pages={33--40},
  year={2012},
  organization={ACM}
}

@inproceedings{fraune2015three,
  title={Three's company, or a crowd?: The effects of robot number and behavior on HRI in Japan and the USA.},
  author={Fraune, Marlena R and Kawakami, Satoru and Sabanovic, Selma and De Silva, P Ravindra S and Okada, Michio},
  booktitle={Robotics: Science and Systems},
  year={2015}
}

@inproceedings{ralph2006effect,
  title={On the effect of the user's background on communicating grasping commands},
  author={Ralph, Maria and Moussa, Medhat A},
  booktitle={Proceedings of the 1st ACM SIGCHI/SIGART conference on Human-robot interaction},
  pages={353--354},
  year={2006},
  organization={ACM}
}

@article{bartneck2007influence,
  title={The influence of people’s culture and prior experiences with Aibo on their attitude towards robots},
  author={Bartneck, Christoph and Suzuki, Tomohiro and Kanda, Takayuki and Nomura, Tatsuya},
  journal={Ai \& Society},
  volume={21},
  number={1-2},
  pages={217--230},
  year={2007},
  publisher={Springer}
}

@inproceedings{wang2010rome,
  title={When in Rome: the role of culture \& context in adherence to robot recommendations},
  author={Wang, Lin and Rau, Pei-Luen Patrick and Evers, Vanessa and Robinson, Benjamin Krisper and Hinds, Pamela},
  booktitle={Proceedings of the 5th ACM/IEEE international conference on Human-robot interaction},
  pages={359--366},
  year={2010},
  organization={IEEE Press}
}


@inproceedings{basu2017you,
  title={Do you want your autonomous car to drive like you?},
  author={Basu, Chandrayee and Yang, Qian and Hungerman, David and Singhal, Mukesh and Dragan, Anca D},
  booktitle={Proceedings of the 2017 ACM/IEEE International Conference on Human-Robot Interaction},
  pages={417--425},
  year={2017},
  organization={ACM}
}

@book{seuss1953zax,
  title={The Sneetches and Other Stories},
  author={Geisel, Theodore S},
  year={1953},
  publisher={Random House}
}

@book{dick1955autofac,
  title={Autonomous robots: from biological inspiration to implementation and control},
  author={Dick, Philip K},
  year={1955},
  publisher={TeknoBooks}
}




@incollection{turing2009computing,
  title={Computing machinery and intelligence},
  author={Turing, Alan M},
  booktitle={Parsing the Turing Test},
  pages={23--65},
  year={2009},
  publisher={Springer}
}

@article{patil2011directing,
  title={Directing crowd simulations using navigation fields},
  author={Patil, Sachin and Van Den Berg, Jur and Curtis, Sean and Lin, Ming C and Manocha, Dinesh},
  journal={IEEE transactions on visualization and computer graphics},
  volume={17},
  number={2},
  pages={244--254},
  year={2011},
  publisher={IEEE}
}


@article{shiomi2014towards,
  title={Towards a socially acceptable collision avoidance for a mobile robot navigating among pedestrians using a pedestrian model},
  author={Shiomi, Masahiro and Zanlungo, Francesco and Hayashi, Kotaro and Kanda, Takayuki},
  journal={International Journal of Social Robotics},
  volume={6},
  number={3},
  pages={443--455},
  year={2014},
  publisher={Springer}
}

@inproceedings{torrey2013robot,
  title={How a robot should give advice},
  author={Torrey, Cristen and Fussell, Susan and Kiesler, Sara},
  booktitle={Proceedings of the 8th ACM/IEEE international conference on Human-robot interaction},
  pages={275--282},
  year={2013},
  organization={IEEE Press}
}

@article{searle1990brain,
  title={Is the brain's mind a computer program?},
  author={Searle, John R},
  journal={Scientific American},
  volume={262},
  number={1},
  pages={25--31},
  year={1990},
  publisher={JSTOR}
}
